<?xml version="1.0" encoding="UTF-8"?><collection xmlns="http://www.loc.gov/MARC21/slim"><record><leader>00368nam--2200133-i-4500</leader><controlfield tag="001">000039424</controlfield><controlfield tag="002">20161230</controlfield><controlfield tag="005">20161230201042</controlfield><controlfield tag="008">060222s1000------------r-----000-0-eng-d</controlfield><datafield ind1=" " ind2=" " tag="080"><subfield code="a">543.51</subfield></datafield><datafield ind1=" " ind2=" " tag="100"><subfield code="a">Roboz, John</subfield></datafield><datafield ind1=" " ind2=" " tag="245"><subfield code="a">Introduction to mass spectrometry. instrumentation and techniques</subfield></datafield><datafield ind1=" " ind2=" " tag="260"><subfield code="a">New York, Interscience Publ., 1968, Xvii + 539p</subfield></datafield><datafield ind1=" " ind2=" " tag="852"><subfield code="a">30739</subfield></datafield></record></collection>